@article{Besicovitch,
  author          = {A. S. Besicovitch},
  journal         = {The American Mathematical Monthly},
  number          = {7},
  title           = {The Kakeya Problem},
  volume          = {70},
  year            = {1963}
}

@misc{kakeya_wiki,
  author       = {Wikipedia contributors},
  howpublished = {\url{https://en.wikipedia.org/w/index.php?title=Kakeya_set&oldid=1216951959}},
  title        = {Kakeya Set},
  year         = {2024}
}

@misc{deltoida,
  author       = {Wikipedia contributors},
  howpublished = {\url{https://en.wikipedia.org/w/index.php?title=Deltoid_curve&oldid=1212969039}},
  title        = {Deltoid curve},
  year         = {2024}
}